@book{Land,
  title={Introduction to Infinity-Categories},
  author={Land, Markus},
  series={Compact Textbooks in Mathematics},
  year={2021},
  publisher={Springer International Publishing}
}
